<record xmlns="http://www.loc.gov/MARC21/slim" xmlns:xsi="http://www.w3.org/2001/XMLSchema-instance" xsi:schemaLocation="http://www.loc.gov/MARC21/slim http://www.loc.gov/standards/marcxml/schema/MARC21slim.xsd"><leader>02334nam a2200421   4500</leader><controlfield tag="001">3532292</controlfield><controlfield tag="003">NIC</controlfield><controlfield tag="006">m        d        </controlfield><controlfield tag="007">cr cn |||m|||a</controlfield><controlfield tag="008">150113s1959    iq      o     000 0 arard</controlfield><datafield ind1=" " ind2=" " tag="040"><subfield code="a">NNU</subfield><subfield code="b">eng</subfield><subfield code="e">rda</subfield><subfield code="c">NNU</subfield></datafield><datafield ind1=" " ind2="4" tag="050"><subfield code="a">PJ7755.S63</subfield><subfield code="b">Z79</subfield></datafield><datafield ind1="1" ind2=" " tag="100"><subfield code="6">880-01</subfield><subfield code="a">Masku&#772;ni&#772;, Yu&#772;suf Ya&#699;qu&#772;b.</subfield></datafield><datafield ind1="1" ind2="0" tag="245"><subfield code="6">880-02</subfield><subfield code="a">Sibt&#803; ibn al-Ta&#699;a&#772;wi&#772;dhi&#772; :</subfield><subfield code="b">min shu&#699;ara&#772;&#700; al-&#699;Ira&#772;q al-fuh&#803;u&#772;l fi&#772; al-qarn al-sa&#772;dis lil-Hijrah /</subfield><subfield code="c">bi-qalam Yu&#772;suf Ya&#699;qu&#772;b Misku&#772;ni&#772;.</subfield></datafield><datafield ind1="3" ind2=" " tag="246"><subfield code="6">880-03</subfield><subfield code="a">Sibt&#803; ibn al-Ta&#700;withi</subfield></datafield><datafield ind1=" " ind2=" " tag="250"><subfield code="6">880-04</subfield><subfield code="a">al-T&#803;ab&#699;ah 1.</subfield></datafield><datafield ind1=" " ind2=" " tag="260"><subfield code="6">880-05</subfield><subfield code="a">Baghda&#772;d :</subfield><subfield code="b">[publisher not identified],</subfield><subfield code="c">1959</subfield><subfield code="e">(Baghda&#772;d :</subfield><subfield code="f">Mat&#803;ba&#699;at al-Shafi&#772;q)</subfield></datafield><datafield ind1=" " ind2=" " tag="300"><subfield code="a">online resource (212 pages)</subfield></datafield><datafield ind1=" " ind2=" " tag="336"><subfield code="a">text</subfield><subfield code="2">rdacontent</subfield></datafield><datafield ind1=" " ind2=" " tag="337"><subfield code="a">computer</subfield><subfield code="2">rdamedia</subfield></datafield><datafield ind1=" " ind2=" " tag="338"><subfield code="a">online resource</subfield><subfield code="2">rdacarrier</subfield></datafield><datafield ind1=" " ind2=" " tag="500"><subfield code="a">Cover title: Sibt&#803; ibn al-Ta&#700;withi.</subfield></datafield><datafield ind1=" " ind2=" " tag="500"><subfield code="a">Part of the Arabic Collections Online (ACO) project, contributed by Cornell University Libraries.</subfield></datafield><datafield ind1=" " ind2=" " tag="533"><subfield code="a">Electronic reproduction.</subfield><subfield code="b">New York, N.Y. :</subfield><subfield code="c">New York University,</subfield><subfield code="d">2015.</subfield><subfield code="5">NNU</subfield></datafield><datafield ind1="1" ind2="0" tag="600"><subfield code="6">880-06</subfield><subfield code="a">Ibn al-Ta&#699;a&#772;wi&#772;dhi&#772;, Muh&#803;ammad ibn &#699;Ubayd Alla&#772;h,</subfield><subfield code="d">1125-1187 or 1188.</subfield></datafield><datafield ind1="2" ind2=" " tag="710"><subfield code="a">Cornell University.</subfield><subfield code="b">Libraries.</subfield></datafield><datafield ind1="0" ind2=" " tag="730"><subfield code="a">Arabic Collections Online.</subfield></datafield><datafield ind1="0" ind2="8" tag="776"><subfield code="i">Online version:</subfield><subfield code="a">Masku&#772;ni&#772;, Yu&#772;suf Ya&#699;qu&#772;b.</subfield><subfield code="t">Sibt&#803; ibn al-Ta&#699;a&#772;wi&#772;dhi&#772;.</subfield><subfield code="b">al-T&#803;ab&#699;ah 1.</subfield><subfield code="d">Baghda&#772;d : [s.n.], 1959 (Baghda&#772;d : Mat&#803;ba&#699;at al-Shafi&#772;q)</subfield><subfield code="w">(OCoLC)582282626</subfield></datafield><datafield ind1="0" ind2="8" tag="776"><subfield code="i">Print version:</subfield><subfield code="a">Masku&#772;ni&#772;, Yu&#772;suf Ya&#699;qu&#772;b.</subfield><subfield code="t">Sibt&#803; ibn al-Ta&#699;a&#772;wi&#772;dhi&#772;</subfield><subfield code="w">(NIC)3532292</subfield><subfield code="w">(OCoLC)10841538</subfield></datafield><datafield ind1="4" ind2="0" tag="856"><subfield code="u">http://hdl.handle.net/2333.1/pzgmsdnk</subfield></datafield><datafield ind1="1" ind2=" " tag="880"><subfield code="6">100-01/r</subfield><subfield code="a">&#1605;&#1587;&#1603;&#1608;&#1606;&#1610;&#1548; &#1610;&#1608;&#1587;&#1601; &#1610;&#1593;&#1602;&#1608;&#1576;.</subfield></datafield><datafield ind1="1" ind2="0" tag="880"><subfield code="6">245-02/r</subfield><subfield code="a">&#1587;&#1576;&#1591; &#1576;&#1606; &#1575;&#1604;&#1578;&#1593;&#1575;&#1608;&#1610;&#1584;&#1610; :</subfield><subfield code="b">&#1605;&#1606; &#1588;&#1593;&#1585;&#1575;&#1569; &#1575;&#1604;&#1593;&#1585;&#1575;&#1602; &#1575;&#1604;&#1601;&#1581;&#1608;&#1604; &#1601;&#1610; &#1575;&#1604;&#1602;&#1585;&#1606; &#1575;&#1604;&#1587;&#1575;&#1583;&#1587; &#1604;&#1604;&#1607;&#1580;&#1585;&#1577; /</subfield><subfield code="c">&#1576;&#1602;&#1604;&#1605; &#1610;&#1608;&#1587;&#1601; &#1610;&#1593;&#1602;&#1608;&#1576; &#1605;&#1587;&#1603;&#1608;&#1606;&#1610;.</subfield></datafield><datafield ind1="3" ind2=" " tag="880"><subfield code="6">246-03/r</subfield><subfield code="a">&#1587;&#1576;&#1591; &#1576;&#1606; &#1575;&#1604;&#1578;&#1571;&#1608;&#1579;</subfield></datafield><datafield ind1=" " ind2=" " tag="880"><subfield code="6">250-04/r</subfield><subfield code="a">&#1575;&#1604;&#1591;&#1576;&#1593;&#1577; 1.</subfield></datafield><datafield ind1=" " ind2=" " tag="880"><subfield code="6">260-05/r</subfield><subfield code="a">&#1576;&#1594;&#1583;&#1575;&#1583; :</subfield><subfield code="b">[publisher not identified],</subfield><subfield code="c">1959</subfield><subfield code="e">(&#1576;&#1594;&#1583;&#1575;&#1583; :</subfield><subfield code="f">&#1605;&#1591;&#1576;&#1593;&#1577; &#1575;&#1604;&#1588;&#1601;&#1610;&#1602;)</subfield></datafield><datafield ind1="1" ind2="0" tag="880"><subfield code="6">600-06/r</subfield><subfield code="a">&#1575;&#1576;&#1606; &#1575;&#1604;&#1578;&#1593;&#1575;&#1608;&#1610;&#1584;&#1610;&#1548; &#1605;&#1581;&#1605;&#1583; &#1576;&#1606; &#1593;&#1576;&#1610;&#1583; &#1575;&#1604;&#1604;&#1607;&#1548;</subfield><subfield code="d">1125-1187 or 1188.</subfield></datafield><datafield ind1=" " ind2=" " tag="959"><subfield code="a">NNU</subfield><subfield code="b">WEB</subfield><subfield code="c">GENI</subfield><subfield code="t">0</subfield><subfield code="m">Electronic access</subfield><subfield code="s">01</subfield></datafield><datafield ind1=" " ind2=" " tag="999"><subfield code="i">NIC_3532292</subfield><subfield code="o">(OCoLC)ocm10841538</subfield></datafield></record>